<?xml version="1.0" encoding="UTF-8"?><collection xmlns="http://www.loc.gov/MARC21/slim"><record><leader>00319nam--2200133-i-4500</leader><controlfield tag="001">000025140</controlfield><controlfield tag="002">20161230</controlfield><controlfield tag="005">20170302002244</controlfield><controlfield tag="008">060222s1000------------r-----000-0-eng-d</controlfield><datafield ind1=" " ind2=" " tag="245"><subfield code="a">Dialogul stiinta-productie</subfield></datafield><datafield ind1=" " ind2=" " tag="260"><subfield code="a">Bucuresti</subfield><subfield code="b">Informatia</subfield><subfield code="c">F.An</subfield></datafield><datafield ind1=" " ind2=" " tag="300"><subfield code="a">240 p</subfield></datafield><datafield ind1=" " ind2=" " tag="852"><subfield code="a">001.89</subfield></datafield><datafield ind1=" " ind2=" " tag="CAT"><subfield code="a">SYS</subfield><subfield code="c">20170302</subfield><subfield code="h">002244</subfield></datafield></record></collection>